<?xml version="1.0" encoding="UTF-8"?><collection><record><leader>06944ctm a2200529 a 4500</leader><controlfield tag="001">005238645</controlfield><controlfield tag="003">MiAaHDL</controlfield><controlfield tag="005">20190719000000.0</controlfield><controlfield tag="006">m        d        </controlfield><controlfield tag="007">cr bn ---auaua</controlfield><controlfield tag="008">060629q13uu14uu|||           000 0 ara  </controlfield><datafield tag="035" ind1=" " ind2=" "><subfield code="a">(MiU)005238645</subfield></datafield><datafield tag="035" ind1=" " ind2=" "><subfield code="a">sdr-miu005238645</subfield></datafield><datafield tag="035" ind1=" " ind2=" "><subfield code="a">(OCoLC)81282273</subfield></datafield><datafield tag="035" ind1=" " ind2=" "><subfield code="a">(RLIN)MIUG06-B2812</subfield></datafield><datafield tag="040" ind1=" " ind2=" "><subfield code="a">MiU</subfield><subfield code="c">MiU</subfield><subfield code="e">amremm</subfield></datafield><datafield tag="043" ind1=" " ind2=" "><subfield code="a">n-us-mi</subfield></datafield><datafield tag="245" ind1="0" ind2="0"><subfield code="6">880-03</subfield><subfield code="a">[Qiṣṣat Yūsuf al-Ṣiddīq,</subfield><subfield code="f">14th or 15th century?].</subfield></datafield><datafield tag="246" ind1="3" ind2=" "><subfield code="i">Title from inscription on opening leaf (p.1):</subfield><subfield code="a">قصة يوسف</subfield></datafield><datafield tag="260" ind1=" " ind2=" "><subfield code="c">[13-- or 14--?].</subfield></datafield><datafield tag="300" ind1=" " ind2=" "><subfield code="a">123 leaves :</subfield><subfield code="b">paper ;</subfield><subfield code="c">257 x 185 (190 x 140) mm.</subfield></datafield><datafield tag="500" ind1=" " ind2=" "><subfield code="a">Origin: Appears to lack dated colophon ; paper and hand would suggest late 14th or 15th century.</subfield></datafield><datafield tag="500" ind1=" " ind2=" "><subfield code="a">Accompanying materials: a. Two inventory cataloguing slips in hand of Winifred Smeaton Thomas -- b. Acquisitions slip from Yahuda.</subfield></datafield><datafield tag="500" ind1=" " ind2=" "><subfield code="a">Former shelfmark: From inner front cover, "IL 278" (likely supplied by Yahuda, see acquisitions slip).</subfield></datafield><datafield tag="500" ind1=" " ind2=" "><subfield code="a">Binding: Pasteboards covered in now dull yellow paper with brown leather over spine, fore edge flap, and fore edge of upper board ; Type II binding (with flap) ; board linings in untinted laid paper ; sewn in blue thread, two stations ; overall in quite poor condition with much abrasion, delamination and losses to boards (recycled manuscript 'waste' used in boards exposed), fully detached at spine, etc. ; housed in box for protection.</subfield></datafield><datafield tag="500" ind1=" " ind2=" "><subfield code="a">Support: non-European (likely Arab) laid paper with roughly 8 laid lines per cm. (horizontal) and chain lines (vertical) grouped in threes with 10 mm. between chains and 52 mm. between groups ; fairly thick, now quite soft, well-burnished.</subfield></datafield><datafield tag="500" ind1=" " ind2=" "><subfield code="a">Decoration: Keywords and headings rubricated.</subfield></datafield><datafield tag="500" ind1=" " ind2=" "><subfield code="a">Script: Naskh ; large 'Syrian' or Egyptian hand ; mainly serifless and fairly vertical (without inclination to left or right) with curvilinear descenders, pointing in distinct dots, shaqq of kāf typically represented by a wavy horizontal stroke seated above the ascender, alif of قال sweeping to the right, etc.</subfield></datafield><datafield tag="500" ind1=" " ind2=" "><subfield code="a">Layout: Written mainly in 15 lines per page ; pp.229 and 230 written in a different hand, in 16 lines per page.</subfield></datafield><datafield tag="500" ind1=" " ind2=" "><subfield code="a">Collation: V-3 (7), V-2 (15), V-2 (23), 10 V(123) ; missing leaves include leaves 1-3 of the first quire, leaves 5-6 of the second, and 5-6 of the third quire ; quire numbering in the form of full words appearing in the upper outer corner of the recto of the opening leaf of each quire (see p. 15, 31, 67, 87, 107, 147, 167, 187, 207 and 227) ; catchwords present ; pagination in pencil, Western numerals, supplied during digitization.</subfield></datafield><datafield tag="500" ind1=" " ind2=" "><subfield code="a">Explicit: "فقالت يا نبي الله تضمن لي على ربك المغفرة وأن يدخلني مدخل صدق ويلحقني بالصالحين حتى أدلك عليه قال لها موسى هذه الشهوة علي يسيرة قالت اريد أن يجعلني في المنزلة معك سواء قال لا قدرة لي على ربي جل جلاله قالت اني لا أدلك الا على هذه الشروط لان خزاينه واسعة وعطاياه مبسوطة وأوحى الله تعالى الى موسى اني فعلت ذلك لانه لا ينقص من ملكي شيئا قال فدلته على قبر يوسف وخرج موسى من مصر فوقف على نهر الفيوم وضرب بعصاته على موضع القبر فانفرق الماء نصفين وظهر قبر يوسف ونزل موسى نبش القبر وأخرج التابوت وحمله الى الارض المقدسة الى عند قبور آبائه صلوات الله عليهم أجمعين والحمد لله رب العالمين وصلى الله على سيدنا محمد خاتم النبيين وعلى اله وصحبه وسلم وحسبنا الله ونعم الوكيل"</subfield></datafield><datafield tag="500" ind1=" " ind2=" "><subfield code="a">Incipit: "يظهر نوره وما كان يرى نوره من صلب أدم عليه السلام الا محمدا صلي الله عليه وسلم في أكرم الطبقات فلما اختص بها محمدا صلي الله عليه وسلم وعن ابراهيم الخرساني عن ثابت عن اسماعيل عن سعيد عن جبير عن ابن عباس قال الله عز وجل نزل يوسف من صلب أدم الي شيت ومن شيت الى نوح ومن نوح الى ابراهيم ومن ابراهيم الى اسحاق ومن اسحاق الى يعقوب وكان لا يصل الى صلب الا ويسمع له دوي التسبيح والتقديس قال ابن عباس وكان يوسف عليه السلام نطفة في صلب أدم وكان يرى نوره في وجهه وكان نطفة في صلب شيت وكان يرى نوره في وجهه وكان نطفة في صلب نوح وكان يرى نوره في وجهه وكل ما دعا قومه الى الله تبارك وتعالى يقول له يوسف صدقت يا نبي الله عليك السلام السعيد ..."</subfield></datafield><datafield tag="500" ind1=" " ind2=" "><subfield code="a">Title from catalogue card.</subfield></datafield><datafield tag="500" ind1=" " ind2=" "><subfield code="a">Ms. codex.</subfield></datafield><datafield tag="510" ind1="4" ind2=" "><subfield code="a">Humbert, G. "Papiers non-filigranés utilisés au proche-orient jusqu’en 1450: essai en typologie." Journal asiatique, 286, no.1 (1998): 1-54.</subfield></datafield><datafield tag="520" ind1="8" ind2=" "><subfield code="a">Stories of Yūsuf (Joseph) illustrating Ṣūfī teachings. "This is an unknown and unpublished manuscript, different from the two other known mss. of the story of Yūsuf al-Ṣiddīq. [note supplied by Mr. Hootkins]" - from catalog card. Cataloguing provided mainly by Derek Mancini-Lander and Marijana Kavčič.</subfield></datafield><datafield tag="538" ind1=" " ind2=" "><subfield code="a">Mode of access: Internet.</subfield></datafield><datafield tag="541" ind1=" " ind2=" "><subfield code="a">Acquired in 1926 from the bookseller Isaac Benjamin S.E. Yahuda via purchase transacted on his behalf by his younger brother, the famous Orientalist and manuscript collector Abraham Shalom Yahuda (1877-1951).</subfield></datafield><datafield tag="546" ind1=" " ind2=" "><subfield code="a">Arabic.</subfield></datafield><datafield tag="561" ind1=" " ind2=" "><subfield code="a">Unpointed ownership statement at close on p.246 ; two reading / study notices on lower board lining, one in name of al-Shaykh Aḥmad ibn al-Shaykh Muḥammad ibn al-Shaykh ʻĪsá al-Khalwatī al-Ṣāliḥī ( الشيخ احمد بن الشيخ محمد بن الشيخ عيسى الخلوتي الصالحي ) and the other in name of al-Shaykh Aḥmad ibn al-Shaykh ʻAlī ( الشيخ احمد ابن الشيخ علي ) dated 1121 [1709 or 10].</subfield></datafield><datafield tag="600" ind1="0" ind2="0"><subfield code="a">Joseph</subfield><subfield code="c">(Son of Jacob)</subfield><subfield code="x">In the Koran</subfield><subfield code="v">Early works to 1800.</subfield></datafield><datafield tag="600" ind1="0" ind2="0"><subfield code="a">Joseph</subfield><subfield code="c">(Son of Jacob)</subfield><subfield code="x">In literature</subfield><subfield code="v">Early works to 1800.</subfield></datafield><datafield tag="650" ind1=" " ind2="0"><subfield code="a">Manuscripts, Arabic</subfield><subfield code="z">Michigan</subfield><subfield code="z">Ann Arbor.</subfield></datafield><datafield tag="650" ind1=" " ind2="0"><subfield code="a">Sufi literature</subfield><subfield code="v">Early works to 1800.</subfield></datafield><datafield tag="650" ind1=" " ind2="0"><subfield code="a">Sufism</subfield><subfield code="v">Early works to 1800.</subfield></datafield><datafield tag="773" ind1="0" ind2=" "><subfield code="a">Yahuda Collection.</subfield></datafield><datafield tag="880" ind1="0" ind2="0"><subfield code="6">245-03/</subfield><subfield code="a">[قصة يوسف الصديق,</subfield><subfield code="f">[القرن 14 أو 15م؟].</subfield></datafield><datafield tag="CID" ind1=" " ind2=" "><subfield code="a">005238645</subfield></datafield><datafield tag="DAT" ind1="0" ind2=" "><subfield code="a">20190719102633.0</subfield><subfield code="b">20190719000000.0</subfield></datafield><datafield tag="DAT" ind1="1" ind2=" "><subfield code="a">20190719090653.0</subfield><subfield code="b">2019-07-19T16:10:53Z</subfield></datafield><datafield tag="DAT" ind1="2" ind2=" "><subfield code="a">2015-10-02T18:00:03Z</subfield></datafield><datafield tag="CAT" ind1=" " ind2=" "><subfield code="a">SDR-MIU</subfield><subfield code="d">EX LIBRIS - ALEPH</subfield><subfield code="l">prepare.pl-004-008</subfield></datafield><datafield tag="FMT" ind1=" " ind2=" "><subfield code="a">BK</subfield></datafield><datafield tag="HOL" ind1=" " ind2=" "><subfield code="0">sdr-miu005238645</subfield><subfield code="a">MiU</subfield><subfield code="b">SDR</subfield><subfield code="c">MIU</subfield><subfield code="p">mdp.39015081446513</subfield><subfield code="s">MIU</subfield><subfield code="1">005238645</subfield></datafield><datafield tag="974" ind1=" " ind2=" "><subfield code="b">MIU</subfield><subfield code="c">MIU</subfield><subfield code="d">20190719</subfield><subfield code="s">lit-dlps-dc</subfield><subfield code="u">mdp.39015081446513</subfield><subfield code="y">1499</subfield><subfield code="r">pd</subfield><subfield code="q">bib</subfield><subfield code="t">non-US bib date2 &lt; 1879</subfield></datafield></record></collection>